
@Misc{www-plagiarism-pattern,
  OPTkey =       {},
  title =    {How to Recognize Plagiarism - Examples: Patterns of Plagiarism},
  author =     {{School of Education, INdiana University}},
  howpublished = {Web Page},
  OPTmonth =     {},
  OPTyear =      {},
  OPTnote =      {},
  OPTannote =    {},
  url = {https://www.sharelatex.com}
}


https://www.indiana.edu/~istd/patterns.html

@Misc{www-sharelatex,
  OPTkey =       {},
  author =    {ShareLaTex},
  OPTtitle =     {},
  OPThowpublished = {},
  OPTmonth =     {},
  OPTyear =      {},
  OPTnote =      {},
  OPTannote =    {},
  url = {https://www.sharelatex.com}
}

@Misc{www-overleaf,
  OPTkey =       {},
  author =    {Overleaf},
  OPTtitle =     {},
  OPThowpublished = {},
  OPTmonth =     {},
  OPTyear =      {},
  OPTnote =      {},
  OPTannote =    {},
  url = {https://www.overleaf.com}
}

@Misc{www-iu-plagiarism,
  OPTauthor =    {{Indiana University}},
  title =     {University Policies: Cheating and Plagiarism, ACA-72},
  howpublished = {Web Page},
  year =      {1961},
  note =      {updates 1975},
  url={https://policies.iu.edu/policies/aca-72-cheating-plagiarism/index.html}
}

@book{book_key,
	address = {City},
	publisher = {Publisher},
	author = {Smith, John},
	title = {Book title},
	year = {2012},
	volume = {3},
	series = {2},
	edition = {1},
	pages = {123--200},
	month = {January}
}

@article{article_key,
	address = {City},
	publisher = {Publisher},
	author = {Smith, James},
	title = {Article title},
	year = {2013},
	volume = {14},
	number = {6},
	pages = {1--8},
	month = {March}
}
