@InProceedings{las14cloudmeshmultiple,
  Title                    = {{Accessing Multiple Clouds with Cloudmesh}},
  Author                   = {von Laszewski, Gregor and Wang, Fugang and Lee, Hyungro and Chen, Heng and Fox, Geoffrey C.},
  Booktitle                = {Proceedings of the 2014 ACM International Workshop on Software-defined Ecosystems},
  Year                     = {2014},

  Address                  = {New York, NY, USA},
  Pages                    = {21--28},
  Publisher                = {ACM},
  Series                   = {BigSystem '14},

  Acmid                    = {2609638},
  Doi                      = {10.1145/2609441.2609638},
  File                     = {vonLaszewski-cloudmesh.pdf:https\://github.com/cyberaide/paper-cloudmesh/raw/master/vonLaszewski-cloudmesh.pdf:PDF},
  ISBN                     = {978-1-4503-2909-5},
  Keywords                 = {cloud computing},
  Location                 = {Vancouver, BC, Canada},
  Numpages                 = {8},
  Url                      = {http://doi.acm.org/10.1145/2609441.2609638}
}