% Encoding: UTF-8

@inproceedings{hid-sp18-520-OrientDB,
author={OrientDB},
title={why-orientdb},
publisher = {Web Page},
url = {https://orientdb.com/why-orientdb/},
}
@inproceedings{hid-sp18-520-OrientDBgraph,
author={OrientDB},
title={OrientDB in the Cloud},
publisher = {Web Page},
url = {https://orientdb.com/graph-database/},
}
@inproceedings{hid-sp18-520-Redis,
author={Redis},
title={Introduction to Redis},
publisher = {Web Page},
url = {https://redis.io/topics/introduction},
}
@inproceedings{hid-sp18-520-RedisModules,
author={Redis}, 
title={Redis Modules},
publisher = {Web Page},
url = {https://redis.io/modules},
}
@inproceedings{hid-sp18-520-PyTorch,
author={PyTorch},
title={About},
publisher = {Web Page},
url = {http://pytorch.org/about/},
}
@inproceedings{hid-sp18-520-PyTorchgrad,
author={PyTorch},
title={About},
publisher = {Web Page},
url = {http://pytorch.org/docs/master/notes/autograd.html},
}
@inproceedings{hid-sp18-520-PyTorchtensor,
author={PyTorch},
title={Learning PyTorch with Examples},
publisher = {Web Page},
url = {http://pytorch.org/tutorials/beginner/pytorch_with_examples.html},
}
@inproceedings{hid-sp18-520-TensorFlow,
author={TensorFlow},
title={About TensorFlow},
publisher = {Web Page},
url = {https://www.tensorflow.org/},
}
@inproceedings{hid-sp18-520-RabbitMQ,
author={Rabbitmq},
publisher = {Web Page},
url = {https://www.rabbitmq.com/},
}
@inproceedings{hid-sp18-520-RabbitMQCluster,
author={Rabbitmq},
title={Clustering Guide},
publisher = {Web Page},
url = {https://www.rabbitmq.com/clustering.html},
}
@inproceedings{hid-sp18-520-RabbitMQauth,
author={Rabbitmq},
publisher = {Web Page},
url = {https://www.rabbitmq.com/authentication.html},
}
@inproceedings{hid-sp18-520-RabbitMQwiki,
author={Rabbitmq},
title={Authentication},
publisher = {Web Page},
url = {https://en.wikipedia.org/wiki/RabbitMQ},
}
@inproceedings{hid-sp18-520-RabbitMQmana,
author={Rabbitmq},
title={Management Plugin},
publisher = {Web Page},
url = {http://www.rabbitmq.com/management.html},
}
@inproceedings{hid-sp18-520-OpenNN,
author={Opennn},
publisher = {Web Page},
url = {http://www.opennn.net/},
}
@inproceedings{hid-sp18-520-OpenNNn,
author={Opennn},
publisher = {Web Page},
url = {http://www.opennn.net/documentation/the_neural_network_class.html},
}
@inproceedings{hid-sp18-520-OpenNNb,
author={Opennn},
publisher = {Web Page},
url = {http://www.opennn.net/documentation/building_opennn.html},
}

@Comment{jabref-meta: databaseType:bibtex;}